
@misc{wikiset,
  title = {{Randomized rounding - Wikipedia}},
  howpublished = {\url{https://en.wikipedia.org/wiki/Randomized_rounding#Proof}},
  note = {Accessed: 2019-1-3}
}
@misc{cap8roma,
  title = {{Massimo Roma - Appunti dalla lezione di Ricerca Oprativa, chapter 8}},
  howpublished = {\url{www.dis.uniroma1.it/~roma/didattica/RO17-18/cap8.pdf}},
  note = {Accessed: 2019-1-3}
}

@misc{geo,
  title = {{Geometric series - Wikipedia}},
  howpublished = {\url{https://en.wikipedia.org/wiki/Geometric_series#Geometric_power_series}},
  note = {Accessed: 2019-1-3}
}
