
@misc{cicle_prop,
  title = {{Minimum spanning tree, Cycle Property - Wikipedia}},
  howpublished = {\url{https://en.wikipedia.org/wiki/Minimum_spanning_tree#Cycle_property}},
  note = {Accessed: 2018-11-14}
}

@misc{cut_prop,
  title = {{Minimum spanning tree, Cut Property - Wikipedia}},
  howpublished = {\url{https://en.wikipedia.org/wiki/Minimum_spanning_tree#Cut_property}},
  note = {Accessed: 2018-11-14}
}

@misc{timsort,
  title = {{Timsort - Wikipedia}},
  howpublished = {\url{https://en.wikipedia.org/wiki/Timsort}},
  note = {Accessed: 2018-11-14}
}

@misc{konig_wiki,
  title = {{KÅ‘nig's theorem (graph theory) - Wikipedia}},
  howpublished = {\url{https://en.wikipedia.org/wiki/K%C5%91nig%27s_theorem_(graph_theory)}},
  note = {Accessed: 2018-11-20}
}

@misc{app,
  title = {{Approximation algorithm - Wikipedia}},
  howpublished = {\url{https://en.wikipedia.org/wiki/Approximation_algorithm#Performance_guarantees}},
  note = {Accessed: 2018-11-20}
}

@misc{karp,
  title = {{Karp's 21 NP-complete problems - Wikipedia}},
  howpublished = {\url{https://en.wikipedia.org/wiki/Karp%27s_21_NP-complete_problems}},
  note = {Accessed: 2018-11-20}
}